[gd_scene load_steps=20 format=2]

[ext_resource path="res://Enemy1.gd" type="Script" id=1]
[ext_resource path="res://EnemyElectroball.tscn" type="PackedScene" id=2]
[ext_resource path="res://Sprites/human_male_wizard_a_01.png" type="Texture" id=3]
[ext_resource path="res://Sprites/male_wizard (1).png" type="Texture" id=4]

[sub_resource type="CircleShape2D" id=1]
radius = 14.4638

[sub_resource type="CircleShape2D" id=2]
radius = 53.6712

[sub_resource type="AtlasTexture" id=3]
flags = 4
atlas = ExtResource( 4 )
region = Rect2( 0, 1920, 640, 640 )

[sub_resource type="AtlasTexture" id=4]
flags = 4
atlas = ExtResource( 4 )
region = Rect2( 640, 1920, 640, 640 )

[sub_resource type="AtlasTexture" id=5]
flags = 4
atlas = ExtResource( 4 )
region = Rect2( 1280, 1920, 640, 640 )

[sub_resource type="AtlasTexture" id=6]
flags = 4
atlas = ExtResource( 4 )
region = Rect2( 0, 640, 640, 640 )

[sub_resource type="AtlasTexture" id=7]
flags = 4
atlas = ExtResource( 4 )
region = Rect2( 640, 640, 640, 640 )

[sub_resource type="AtlasTexture" id=8]
flags = 4
atlas = ExtResource( 4 )
region = Rect2( 1280, 640, 640, 640 )

[sub_resource type="AtlasTexture" id=9]
flags = 4
atlas = ExtResource( 4 )
region = Rect2( 0, 1280, 640, 640 )

[sub_resource type="AtlasTexture" id=10]
flags = 4
atlas = ExtResource( 4 )
region = Rect2( 640, 1280, 640, 640 )

[sub_resource type="AtlasTexture" id=11]
flags = 4
atlas = ExtResource( 4 )
region = Rect2( 1280, 1280, 640, 640 )

[sub_resource type="AtlasTexture" id=12]
flags = 4
atlas = ExtResource( 4 )
region = Rect2( 0, 0, 640, 640 )

[sub_resource type="AtlasTexture" id=13]
flags = 4
atlas = ExtResource( 4 )
region = Rect2( 640, 0, 640, 640 )

[sub_resource type="AtlasTexture" id=14]
flags = 4
atlas = ExtResource( 4 )
region = Rect2( 1280, 0, 640, 640 )

[sub_resource type="SpriteFrames" id=15]
animations = [ {
"frames": [ SubResource( 3 ), SubResource( 4 ), SubResource( 5 ) ],
"loop": true,
"name": "green",
"speed": 5.0
}, {
"frames": [ SubResource( 6 ), SubResource( 7 ), SubResource( 8 ), SubResource( 9 ), SubResource( 10 ), SubResource( 11 ) ],
"loop": false,
"name": "fire",
"speed": 20.0
}, {
"frames": [ SubResource( 12 ), SubResource( 13 ), SubResource( 14 ) ],
"loop": true,
"name": "go",
"speed": 5.0
} ]

[node name="Mag" type="KinematicBody2D" groups=[
"enemies",
]]
position = Vector2( 266.875, 157.743 )
scale = Vector2( 0.6, 0.6 )
collision_layer = 2
collision_mask = 31
script = ExtResource( 1 )
detect_radius = 500
fire_rate = 0.4
EnemyElectroball = ExtResource( 2 )

[node name="Sprite" type="Sprite" parent="."]
visible = false
texture = ExtResource( 3 )

[node name="CollisionShape2D" type="CollisionShape2D" parent="."]
scale = Vector2( 3, 3.13333 )
shape = SubResource( 1 )

[node name="Visibility" type="Area2D" parent="."]
collision_layer = 256
collision_mask = 17

[node name="CollisionShape2D" type="CollisionShape2D" parent="Visibility"]

[node name="WallCollisionDetector" type="Area2D" parent="."]
collision_layer = 2
collision_mask = 24

[node name="CollisionShape2D" type="CollisionShape2D" parent="WallCollisionDetector"]
shape = SubResource( 2 )

[node name="ShootTimer" type="Timer" parent="."]

[node name="WallDetector" type="RayCast2D" parent="."]
enabled = true
cast_to = Vector2( 0, 200 )
collision_mask = 8

[node name="AnimatedSprite" type="AnimatedSprite" parent="."]
scale = Vector2( 0.5, 0.5 )
frames = SubResource( 15 )
animation = "fire"
frame = 5
playing = true
[connection signal="body_entered" from="Visibility" to="." method="_on_Visibility_body_entered"]
[connection signal="body_exited" from="Visibility" to="." method="_on_Visibility_body_exited"]
[connection signal="body_shape_entered" from="Visibility" to="." method="_on_Visibility_body_shape_entered"]
[connection signal="area_entered" from="WallCollisionDetector" to="." method="_on_WallCollisionDetector_area_entered"]
[connection signal="body_shape_entered" from="WallCollisionDetector" to="." method="_on_WallCollisionDetector_body_shape_entered"]
[connection signal="body_shape_exited" from="WallCollisionDetector" to="." method="_on_WallCollisionDetector_body_shape_exited"]
[connection signal="timeout" from="ShootTimer" to="." method="_on_ShootTimer_timeout"]
